@ARTICLE{
	PiCalc,
	AUTHOR = "Robin Milner, Joachim Parrow and David Walker",
	TITLE = "A Calculus of Mobile Processes, Part {\rm 1}",
	JOURNAL = "Information and Computation",
	YEAR = "1992",
	VOLUME = "100",
	NUMBER = "1",
	PAGES = "1-40",
}

@ARTICLE{
	Honsell,
	AUTHOR = "Furio Honsell, Marino Miculan and Ivan Scagnetto",
	TITLE = "$\pi$-calculus in (Co)Inductive Type Theory",
	NOTE ="URL:{\tt http://www.dimi.uniud.it/~honsell/pap.html}"
}

@UNPUBLSIHED{
	Twelf,
	AUTHOR = "Frank Pfenning",
	TITLE = "Computation and Deduction",
	YEAR = "2000",
	SCHOOL = "Carnegie Mellon University",
	NOTE = "URL: {\tt http://www.twelf.org}",
}
